@inproceedings{Chan:2006:FKS:1142473.1142530,
 author = {Chan, Chee-Yong and Jagadish, H. V. and Tan, Kian-Lee and Tung, Anthony K. H. and Zhang, Zhenjie},
 title = {Finding K-dominant Skylines in High Dimensional Space},
 booktitle = {Proceedings of the 2006 ACM SIGMOD International Conference on Management of Data},
 series = {SIGMOD '06},
 year = {2006},
 isbn = {1-59593-434-0},
 location = {Chicago, IL, USA},
 pages = {503--514},
 numpages = {12},
 url = {http://doi.acm.org/10.1145/1142473.1142530},
 doi = {10.1145/1142473.1142530},
 acmid = {1142530},
 publisher = {ACM},
 address = {New York, NY, USA},
 keywords = {data mining, high dimensional space, k-dominant, query processing, ranking, skyline},
} 
@inproceedings{Rocha-Junior:2011:EEP:1951365.1951399,
 author = {Rocha-Junior, Jo\~{a}o B. and Vlachou, Akrivi and Doulkeridis, Christos and N{\o}rv{\aa}g, Kjetil},
 title = {Efficient Execution Plans for Distributed Skyline Query Processing},
 booktitle = {Proceedings of the 14th International Conference on Extending Database Technology},
 series = {EDBT/ICDT '11},
 year = {2011},
 isbn = {978-1-4503-0528-0},
 location = {Uppsala, Sweden},
 pages = {271--282},
 numpages = {12},
 url = {http://doi.acm.org/10.1145/1951365.1951399},
 doi = {10.1145/1951365.1951399},
 acmid = {1951399},
 publisher = {ACM},
 address = {New York, NY, USA},
 keywords = {distributed systems, execution plan, skyline query},
} 